@ONLINE{gates-foundation-grant,
author = {Department of English},
title = {RCL Team Awarded \$50K Bill \& Melinda Gates Foundation Grant for MOOC ``Writing II: Rhetorical Composition.''},
month = jan,
year = {2013},
url = {http://go.osu.edu/english}
}
